<record><leader>00000cas a2200000 a 4500</leader><controlfield tag="001">12814883</controlfield><controlfield tag="008">851118d18921893ksuwr ne      0    0eng d</controlfield><datafield ind1=" " ind2=" " tag="010"><subfield code="a">sn 85067153 </subfield></datafield><datafield ind1=" " ind2=" " tag="040"><subfield code="a">KSH</subfield><subfield code="b">eng</subfield><subfield code="c">KSH</subfield><subfield code="d">NPT</subfield><subfield code="d">OCL</subfield><subfield code="d">OCLCQ</subfield></datafield><datafield ind1=" " ind2=" " tag="042"><subfield code="a">msc</subfield></datafield><datafield ind1="0" ind2="0" tag="245"><subfield code="a">Topeka populist.</subfield></datafield><datafield ind1="1" ind2="3" tag="246"><subfield code="a">Populist</subfield><subfield code="f">May 7, 1892</subfield></datafield><datafield ind1="3" ind2="0" tag="246"><subfield code="a">Daily populist</subfield></datafield><datafield ind1=" " ind2=" " tag="260"><subfield code="a">Topeka, Kan. :</subfield><subfield code="b">A.J.R. Smith,</subfield><subfield code="c">1892-</subfield></datafield><datafield ind1=" " ind2=" " tag="300"><subfield code="a">v. :</subfield><subfield code="b">ill. ;</subfield><subfield code="c">55 cm.</subfield></datafield><datafield ind1=" " ind2=" " tag="310"><subfield code="a">Weekly</subfield></datafield><datafield ind1="0" ind2=" " tag="362"><subfield code="a">Vol. 1, no. 1 (May 7, 1892)-</subfield></datafield><datafield ind1="1" ind2=" " tag="362"><subfield code="a">Ceased in 1893?</subfield></datafield><datafield ind1=" " ind2=" " tag="500"><subfield code="a">Published as a daily during the state legislative session called: Daily populist.</subfield></datafield><datafield ind1=" " ind2=" " tag="500"><subfield code="a">Published by: Smith &amp; Urie, Nov. 19, 1892-Jan. 6, 1893; A.J.R. Smith, Jan. 13-Oct. 13, 1893.</subfield></datafield><datafield ind1=" " ind2=" " tag="550"><subfield code="a">"Official organ of the Anti-monopoly League," Aug. 25, 1893-</subfield></datafield><datafield ind1=" " ind2=" " tag="752"><subfield code="a">United States</subfield><subfield code="b">Kansas</subfield><subfield code="c">Shawnee</subfield><subfield code="d">Topeka.</subfield></datafield><datafield ind1="1" ind2=" " tag="029"><subfield code="a">AU@</subfield><subfield code="b">000022171254</subfield></datafield></record>